@article{vaswani2017attention,
  title={Attention is all you need},
  author={Vaswani, Ashish and Shazeer, Noam and Parmar, Niki and Uszkoreit, Jakob and Jones, Llion and Gomez, Aidan N and Kaiser, {\L}ukasz and Polosukhin, Illia},
  journal={Advances in neural information processing systems},
  volume={30},
  year={2017}
}

@inproceedings{ridnik2021asymmetric,
  title={Asymmetric loss for multi-label classification},
  author={Ridnik, Tal and Ben-Baruch, Emanuel and Zamir, Nadav and Noy, Asaf and Friedman, Itamar and Protter, Matan and Zelnik-Manor, Lihi},
  booktitle={Proceedings of the IEEE/CVF international conference on computer vision},
  pages={82--91},
  year={2021}
}

@article{zhang2021simple,
  title={Simple and robust loss design for multi-label learning with missing labels},
  author={Zhang, Youcai and Cheng, Yuhao and Huang, Xinyu and Wen, Fei and Feng, Rui and Li, Yaqian and Guo, Yandong},
  journal={arXiv preprint arXiv:2112.07368},
  year={2021}
}

@article{benedict2021sigmoidf1,
  title={SigmoidF1: A smooth F1 score surrogate loss for multilabel classification},
  author={B{\'e}n{\'e}dict, Gabriel and Koops, Vincent and Odijk, Daan and de Rijke, Maarten},
  journal={arXiv preprint arXiv:2108.10566},
  year={2021}
}

@article{brunton2016discovering,
  title={Discovering governing equations from data by sparse identification of nonlinear dynamical systems},
  author={Brunton, Steven L and Proctor, Joshua L and Kutz, J Nathan},
  journal={Proceedings of the national academy of sciences},
  volume={113},
  number={15},
  pages={3932--3937},
  year={2016},
  publisher={National Acad Sciences}
}

@inproceedings{jean2019tile2vec,
  title={Tile2vec: Unsupervised representation learning for spatially distributed data},
  author={Jean, Neal and Wang, Sherrie and Samar, Anshul and Azzari, George and Lobell, David and Ermon, Stefano},
  booktitle={Proceedings of the AAAI Conference on Artificial Intelligence},
  volume={33},
  number={01},
  pages={3967--3974},
  year={2019}
}

@book{Rouhani2024spotify,
	title = {spotify/luigi},
	url = {https://github.com/spotify/luigi},
	author = {Rouhani, Arash and Buchfuhrer, Dave and Bernhardsson, Erik and Freider, Elias and Poulin, Guillaume and Stadther, Dillon and Honnix and Barbans, Uldis and Krasnukhin, Alexander and Whiting, David and Crobak, Joe and Rieger, Marcel and Kiosidis, Babis and Nyman, Anders and Demaria, Fabrizio and Kukul, Jakub and Yon, Romain and Raposo, Rafael and McGinty, Claire and Peksag, Berker and Brausewetter, Alex and Tavory, Ran and hirosassa and Balaraman, Goutham and Engström, Tommy and Grainger, Thomas and Grey, Mark and Czygan, Martin and Arapé, Nelson and Caswell, Brian},
	date = {2024-05-20},
	year = {2024},
	month = {5},
	day = {20},
}

@inproceedings{armbrust2015spark,
  title={Spark sql: Relational data processing in spark},
  author={Armbrust, Michael and Xin, Reynold S and Lian, Cheng and Huai, Yin and Liu, Davies and Bradley, Joseph K and Meng, Xiangrui and Kaftan, Tomer and Franklin, Michael J and Ghodsi, Ali and others},
  booktitle={Proceedings of the 2015 ACM SIGMOD international conference on management of data},
  pages={1383--1394},
  year={2015}
}

@inproceedings{chen2016xgboost,
  title={Xgboost: A scalable tree boosting system},
  author={Chen, Tianqi and Guestrin, Carlos},
  booktitle={Proceedings of the 22nd acm sigkdd international conference on knowledge discovery and data mining},
  pages={785--794},
  year={2016}
}

@book{leskovec2020mining,
  title={Mining of massive data sets},
  author={Leskovec, Jure and Rajaraman, Anand and Ullman, Jeffrey David},
  year={2020},
  publisher={Cambridge university press}
}

@inproceedings{grover2016node2vec,
  title={node2vec: Scalable feature learning for networks},
  author={Grover, Aditya and Leskovec, Jure},
  booktitle={Proceedings of the 22nd ACM SIGKDD international conference on Knowledge discovery and data mining},
  pages={855--864},
  year={2016}
}

